%%%%%%%%%%%%%%%%%%%%%% Journals %%%%%%%%%%%%%%%%
@STRING{TPAMI = "IEEE Trans on Pattern Analysis and Machine Intelligence"}
@STRING{PAMI = "IEEE Trans on Pattern Analysis and Machine Intelligence"}
@STRING{IJCV = "Intl Journal of Computer Vision"}
@STRING{CVIU = "Computer Vision and Image Understanding (CVIU)"}
@STRING{CVGIP = "Computer Vision, Graphics, and Image Processing: Image Understanding (CVGIP:IU)"}
@STRING{MVA = "IAPR Intl Conf on Machine Vision Applications"}
@STRING{PR = "Pattern Recognition"}
@STRING{PRL = "Pattern Recognition Letters"}
@STRING{IVC = "Image and Vision Computing"}
@STRING{FTCGV = "Foundations and Trends in Computer Graphics and Vision"}
@STRING{JSC    = "Journal of Scientific Computing"}
@STRING{JCN = "Journal of Cognitive Neuroscience"}
@STRING(JEPHPP = "Journal of Experimental Psychology: Human Perception and Performance")
@STRING{JECP = "Journal of Experimental Child Psychology"}
@STRING{BBS  = "Behavioral and Brain Sciences"}
@STRING{VR   = "Vision Research"}
@STRING{AI   = "Artificial Intelligence"}
@STRING{SIGMOD = "ACM SIGMOD"}
@STRING{MM = "ACM Intl Conf on Multimedia"}
@STRING{CGA  = "IEEE Computer Graphics \& Applications"}
@STRING{PRESENCE = "PRESENCE: Teleoperators and Virtual Environments"}
@STRING{TCHI  = "ACM Trans on Computer-Human Interaction"}
@STRING{CACM  = "Communications ACM"}
@STRING{TACM  = "Trans ACM"}
@STRING{TC    = "Trans on Communications"}
@STRING{TSE   = "IEEE Trans on Software Engineering"}
@STRING{TMS   = "IEEE Trans on Mathematical Software"}
@STRING{TIP   = "Trans on Image Processing"}
@STRING{TIS   = "IEICE Trans on Information and Systems"}
@STRING{TAC   = "IEEE Trans on Automatic Control"}
@STRING{TITS  = "IEEE Trans on Intelligent Transportation Systems"}
@STRING{TVT   = "IEEE Trans on Vehicular Technologies"}
@STRING{JRS   = "Journal of Robotic Systems"}
@STRING{ML    = "Machine Learning"}
@STRING{AR    = "Autonomous Robots"}
@STRING{TOG   = "ACM Trans on Graphics"}
@STRING{FCGV  = "Foundations of Computer Graphics and Vision"}
@STRING{ANNSTAT = "The Annals of Statistics"}
@STRING{JC      = "Journal of Classification"}
@STRING{CAD     = "Les Cahiers de l'Analyse des Donn\'ees"}
@STRING{JMLR    = "Journal of Machine Learning Research"}
@STRING{JOE = "IEEE Journal of Oceanic Engineering"}
@STRING{JIVP = "EURASIP Journal on Image and Video Processing"}
@STRING{SPL = "IEEE Signal Processing Letters"}
@STRING{IJCSI = "Intl Journal of Computer Science Issues"}

%%%%%%%%%%%%%%%%%%%%% Confs %%%%%%%%%%%%%%
@STRING{ICCV   = "Intl Conf on Computer Vision"}
@STRING{ECCV   = "European Conf on Computer Vision"}
@string{CVPR   = "IEEE Conf on Computer Vision and Pattern Recognition"}
@string{ACCV   = "Asian Conf on Computer Vision"}
@string{ICPR   = "Intl Conf on Pattern Recogntion"}
@string{BMVC   = "British Machine Vision Conf"}
@string{DAGM   = "DAGM Annual Pattern Recognition Symposium"}
@string{GCPR = "German Conf on Pattern Recognition"}
@string{TDPVT   = "Intl Symposium on 3D Data Processing, Visualization,
and Transmission (3DPVT)"}
@string{TDIMPVT = "IEEE Intl Conf on 3D Imaging, Modeling, Processing, Visualization and Transmission"}
@string{CAIP =   "Intl Conf on Analysis of Images and Patterns"}
@string{IJCAI = "Intl Joint Conf on Artificial Intelligence (IJCAI)"}
@string{NIPS   = "Neural Information Processing Systems"}
@string{NeurIPS   = "Neural Information Processing Systems"}
@string{ICML = "Intl Conf on Machine Learning"}
@string{ICIAP = "Intl Conf on Image Analysis and Processing"}
@string{ICIAR = "Intl Conf on Image Analysis and Recognition"}
@string{FG = "IEEE Intl Conf on Automatic Face and Gesture
Recognition"}
@string{CDC = "IEEE Conf on Decision and Control"}
@string{ICCVGIP = "Indian Conf on Computer Vision, Graphics, and Image Processing"}
@string{ICCVW = "ICCV Computer Vision Workshops"}
@string{CVPRW = "IEEE Conf on Computer Vision and Pattern Recognition Workshops"}
@string{ECCVW = "European Conf on Computer Vision Workshops"}
@string{ECCVW = "European Conf on Computer Vision Workshops"}
@string{IROS   = "IEEE/RSJ Intl Conf Intelligent Robots and Systems"}
@string{ICRA = "IEEE Intl Conf on Robotics and Automation"}
@string{SIGGRAPH   = "ACM SIGGRAPH"}
@string{CHI = "Conf on Computer Human Interaction (CHI)"}
@string{ICIP   = "Intl Conf on Image Processing"}
@STRING{VR  = "IEEE Virtual Reality Conf"}
@STRING{ICASSP = "IEEE Conf on Acoustics, Speech and Signal Processing"}
@string{SCIA = "Scandinavian Conf on Image Analysis"}
@string{EUROCOLT = "European Conf on Computational Learning Theory"}
@string{IVS = {IEEE Intelligent Vehicles Symposium}}
@string{ICANN = {Intl Conf on Artificial Neural Networks}}
@string{ICME = "Intl Conf on Multimedia \& Expo"}
@string{JFR = "Journal of Field Robotics"}
@string{PCVIA = "Photogrammetric Computer Vision and Image Analysis"}
@string{RSS = "Robotics: Science and Systems Conf"}
@string{UAI = "Conf on Uncertainty in Artificial Intelligence"}
@string{IVS = "IEEE Intelligent Vehicles Symposium"}
@string{ISRR = "Intl Symposium on Robotics Research"}
@string{ITSC = "IEEE Intelligent Transportation Systems Conf"}
@string{AAAI = "Conf on Artificial Intelligence"}
@string{RAS = "Robotics and Autonomous Systems"}
@string{IJRR = "Intl Journal of Robotics Research"}
@string{WACV = "Winter Conf on Applications of Computer Vision"}
@string{ICME = "IEEE Intl Conf on Multimedia and Expo"}
@string{ICLR = "Intl Conf on Learning Representations"}
@string{IAS = "Intl Conf on Intelligent Autonomous Systems"}
@string{ROMAN = "IEEE Intl Symposium on Robot and Human Interactive Communication"}
@string{VCIP = "IEEE Visual Communications and Image Processing"}
@string{TCSVT = "IEEE Trans on Circuits and Systems for Video Technology"}
@string{ISCAS = "IEEE Intl Symposium on Circuits and Systems"}
@string{FutureTech = "Intl Conf on Future Information Technology"}
@string{IJSR = "Intl Journal of Social Robotics"}
@string{ACRA = "Australasian Conf on Robitics and Automation"}
@string{MICCAI = "Intl Conf on Medical Image Computing and Computer-Assisted Intervention"}
@string{CSaE = "Computing In Science \& Engineering"}
@string{RAL = "IEEE Robotics and Automation Letters (RA-L)"}
@string{RAM = "IEEE Robotics \& Automation Magazine"}
@string{JVCIR = "Journal of Visual Communication and Image Representation"}
