@book{szeliski,
    title = {Computer Vision: Algorithms and Applications, 2nd ed.},
    author = {Richard Szeliski},
    isbn = {9783030343712},
    year = {2022},
    publisher = {Springer},
    keywords = {computer vision}
}

@inbook{rosin,
author = {Rosin, Paul and Sun, Xianfang},
year = {2011},
month = {09},
pages = {233-251},
title = {Cellular Automata as a Tool for Image Processing},
isbn = {978-981-4340-99-1},
doi = {10.1142/9789814343008_0012}
}

@article{gardnermathematical,
  title={Mathematical games-The fantastic combinations of John Conwayâ€™s new solitaire game, Life, 1970},
  author={Gardner, Martin},
  journal={Scientific American, October},
  pages={120--123}
}

@inproceedings{inproceedings,
author = {Selvapeter, P. and Hordijk, Wim},
year = {2010},
month = {01},
pages = {193 - 197},
title = {Cellular Automata for Image Noise Filtering},
doi = {10.1109/NABIC.2009.5393684}
}

@inproceedings{sharmila,
author = {Sharmila, T. and Leo, Leon},
year = {2016},
month = {04},
pages = {0710-0714},
title = {Image upscaling based convolutional neural network for better reconstruction quality},
doi = {10.1109/ICCSP.2016.7754236}
}