@inproceedings{Deng09CVPR,
  title={Image{N}et: A large-scale hierarchical image database},
  author={Deng, Jia and Dong, Wei and Socher, Richard and Li, Li-Jia and Li, Kai and Fei-Fei, Li},
  booktitle=CVPR,
  year={2009},
}

@article{Kingma14Arxiv,
  title={Adam: A method for stochastic optimization},
  author={Kingma, Diederik P and Ba, Jimmy},
  journal={arXiv:1412.6980},
  year={2014}
}
